 @ARTICLE{LPQ:1996,
	author = {Timo Ahonen \& Esa Rahtu \& Ville Ojansivu \& Janne Heikkil},
	title = {Recognition of Blurred Faces Using Local Phase Quantization},
	journal = {Pattern Recognition, 2008. ICPR 2008.},
	year = {2008},
	pages = {1-4},
	publisher = {IEEE}
}